<marcxml:record xmlns:xlink="http://www.w3.org/1999/xlink" xmlns:marcxml="http://www.loc.gov/MARC21/slim" xmlns:mets="http://www.loc.gov/METS/" xmlns:mxe="http://www.loc.gov/mxe" xmlns:rdf="http://www.w3.org/1999/02/22-rdf-syntax-ns#" xmlns:rdfs="http://www.w3.org/2000/01/rdf-schema#" xmlns:skos="http://www.w3.org/2004/02/skos/core#" xmlns:madsrdf="http://www.loc.gov/mads/rdf/v1#" xmlns:ri="http://id.loc.gov/ontologies/RecordInfo#" xmlns:sem="http://marklogic.com/semantics">
  <marcxml:leader>00996cz  a2200289n  4500</marcxml:leader>
  <marcxml:controlfield tag="001">n80150311</marcxml:controlfield>
  <marcxml:controlfield tag="003">DLC</marcxml:controlfield>
  <marcxml:controlfield tag="005">20150511121055.0</marcxml:controlfield>
  <marcxml:controlfield tag="008">801124n| azannaabn          |a ana      </marcxml:controlfield>
  <marcxml:datafield tag="010" ind1=" " ind2=" ">
    <marcxml:subfield code="a">n  80150311 </marcxml:subfield>
  </marcxml:datafield>
  <marcxml:datafield tag="034" ind1=" " ind2=" ">
    <marcxml:subfield code="d">E0140636</marcxml:subfield>
    <marcxml:subfield code="e">E0140636</marcxml:subfield>
    <marcxml:subfield code="f">N0404955</marcxml:subfield>
    <marcxml:subfield code="g">N0404955</marcxml:subfield>
    <marcxml:subfield code="2">geonames</marcxml:subfield>
  </marcxml:datafield>
  <marcxml:datafield tag="035" ind1=" " ind2=" ">
    <marcxml:subfield code="a">(OCoLC)oca00530345</marcxml:subfield>
  </marcxml:datafield>
  <marcxml:datafield tag="035" ind1=" " ind2=" ">
    <marcxml:subfield code="a">(Uk)000604333</marcxml:subfield>
  </marcxml:datafield>
  <marcxml:datafield tag="040" ind1=" " ind2=" ">
    <marcxml:subfield code="a">DLC</marcxml:subfield>
    <marcxml:subfield code="b">eng</marcxml:subfield>
    <marcxml:subfield code="e">rda</marcxml:subfield>
    <marcxml:subfield code="c">DLC</marcxml:subfield>
    <marcxml:subfield code="d">CoU</marcxml:subfield>
    <marcxml:subfield code="d">OCoLC</marcxml:subfield>
    <marcxml:subfield code="d">Uk</marcxml:subfield>
  </marcxml:datafield>
  <marcxml:datafield tag="043" ind1=" " ind2=" ">
    <marcxml:subfield code="a">e-it---</marcxml:subfield>
  </marcxml:datafield>
  <marcxml:datafield tag="151" ind1=" " ind2=" ">
    <marcxml:subfield code="a">Pozzuoli (Italy)</marcxml:subfield>
  </marcxml:datafield>
  <marcxml:datafield tag="368" ind1=" " ind2=" ">
    <marcxml:subfield code="b">Cities and towns</marcxml:subfield>
    <marcxml:subfield code="2">lcsh</marcxml:subfield>
  </marcxml:datafield>
  <marcxml:datafield tag="370" ind1=" " ind2=" ">
    <marcxml:subfield code="c">Italy</marcxml:subfield>
    <marcxml:subfield code="f">Campania (Italy)</marcxml:subfield>
    <marcxml:subfield code="2">naf</marcxml:subfield>
  </marcxml:datafield>
  <marcxml:datafield tag="451" ind1=" " ind2=" ">
    <marcxml:subfield code="a">Puzzuoli (Italy)</marcxml:subfield>
  </marcxml:datafield>
  <marcxml:datafield tag="451" ind1=" " ind2=" ">
    <marcxml:subfield code="a">Puteoli (Italy)</marcxml:subfield>
  </marcxml:datafield>
  <marcxml:datafield tag="451" ind1=" " ind2=" ">
    <marcxml:subfield code="w">nnaa</marcxml:subfield>
    <marcxml:subfield code="a">Pozzuoli</marcxml:subfield>
  </marcxml:datafield>
  <marcxml:datafield tag="451" ind1=" " ind2=" ">
    <marcxml:subfield code="a">Pouzzoles (Italy)</marcxml:subfield>
  </marcxml:datafield>
  <marcxml:datafield tag="670" ind1=" " ind2=" ">
    <marcxml:subfield code="a">U.S. Army. Corps of Engineers. Pozzuoli; city plan, 1943.</marcxml:subfield>
  </marcxml:datafield>
  <marcxml:datafield tag="670" ind1=" " ind2=" ">
    <marcxml:subfield code="a">Le terme puteolane e Salerno ... 1995:</marcxml:subfield>
    <marcxml:subfield code="b">p. 37 (Pozzuoli)</marcxml:subfield>
  </marcxml:datafield>
  <marcxml:datafield tag="670" ind1=" " ind2=" ">
    <marcxml:subfield code="a">GeoNames, algorithmically matched, 2009</marcxml:subfield>
    <marcxml:subfield code="b">(ppl; 40°49ʹ55ʺN 014°06ʹ36ʺE)</marcxml:subfield>
  </marcxml:datafield>
  <marcxml:datafield tag="670" ind1=" " ind2=" ">
    <marcxml:subfield code="a">Les bains de Pouzzoles, 2012:</marcxml:subfield>
    <marcxml:subfield code="b">p. 41 (De balneis Puteolanis) p. 134 (Puteoli)</marcxml:subfield>
  </marcxml:datafield>
  <marcxml:datafield tag="781" ind1=" " ind2="0">
    <marcxml:subfield code="z">Italy</marcxml:subfield>
    <marcxml:subfield code="z">Pozzuoli</marcxml:subfield>
  </marcxml:datafield>
</marcxml:record>
